<?xml version="1.0" encoding="UTF-8"?><collection xmlns="http://www.loc.gov/MARC21/slim"><record><leader>00427nam--2200157-i-4500</leader><controlfield tag="001">000002752</controlfield><controlfield tag="002">20161230</controlfield><controlfield tag="005">20170207232751</controlfield><controlfield tag="008">060222s1000------------r-----000-0-eng-d</controlfield><datafield ind1=" " ind2=" " tag="100"><subfield code="a">Cossa, Paul</subfield></datafield><datafield ind1=" " ind2=" " tag="245"><subfield code="a">La cybernetique du cerveau humain aux artificiels</subfield></datafield><datafield ind1=" " ind2=" " tag="260"><subfield code="a">Paris</subfield><subfield code="b">Masson Et Cie, Editeurs</subfield><subfield code="c">1955</subfield></datafield><datafield ind1=" " ind2=" " tag="300"><subfield code="a">98 p</subfield></datafield><datafield ind1=" " ind2=" " tag="490"><subfield code="a">Collection - Evolution Des Sciences</subfield></datafield><datafield ind1=" " ind2=" " tag="852"><subfield code="a">007</subfield></datafield><datafield ind1=" " ind2=" " tag="CAT"><subfield code="a">SYS</subfield><subfield code="c">20170207</subfield><subfield code="h">232751</subfield></datafield></record></collection>